@PREAMBLE{
 "\providecommand{\noopsort}[1]{}" 
 # "\providecommand{\singleletter}[1]{#1}%" 
}

@article{Schutz:1986gp,
  author  = {Schutz, Bernard F.},
  title   = {{Determining the Hubble Constant from Gravitational Wave Observations}},
  doi     = {10.1038/323310a0},
  journal = {Nature},
  volume  = {323},
  pages   = {310--311},
  year    = {1986}
}

@article{Hogg:1999ad,
  author        = {Hogg, David W.},
  title         = {{Distance measures in cosmology}},
  eprint        = {astro-ph/9905116},
  archiveprefix = {arXiv},
  journal       = {},
  month         = {5},
  year          = {1999}
}

@article{Holz:2005df,
  author        = {Holz, Daniel E. and Hughes, Scott A.},
  title         = {{Using gravitational-wave standard sirens}},
  eprint        = {astro-ph/0504616},
  archiveprefix = {arXiv},
  doi           = {10.1086/431341},
  journal       = {Astrophys. J.},
  volume        = {629},
  pages         = {15--22},
  year          = {2005}
}

@article{Dalal:2006qt,
  author        = {Dalal, Neal and Holz, Daniel E. and Hughes, Scott A. and Jain, Bhuvnesh},
  title         = {{Short grb and binary black hole standard sirens as a probe of dark energy}},
  eprint        = {astro-ph/0601275},
  archiveprefix = {arXiv},
  doi           = {10.1103/PhysRevD.74.063006},
  journal       = {Phys. Rev. D},
  volume        = {74},
  pages         = {063006},
  year          = {2006}
}

@article{Loredo:2004nn,
  author        = {Loredo, Thomas J.},
  editor        = {Fischer, Rainer and Preuss, Roland and von Toussaint, Udo},
  title         = {{Accounting for source uncertainties in analyses of astronomical survey data}},
  eprint        = {astro-ph/0409387},
  archiveprefix = {arXiv},
  doi           = {10.1063/1.1835214},
  journal       = {AIP Conf. Proc.},
  volume        = {735},
  number        = {1},
  pages         = {195--206},
  year          = {2004}
}



@article{LIGOScientific:2017adf,
  author        = {Abbott, B. P. and others},
  collaboration = {LIGO Scientific, Virgo, 1M2H, Dark Energy Camera GW-E, DES, DLT40, Las Cumbres Observatory, VINROUGE, MASTER},
  title         = {{A gravitational-wave standard siren measurement of the Hubble constant}},
  eprint        = {1710.05835},
  archiveprefix = {arXiv},
  primaryclass  = {astro-ph.CO},
  reportnumber  = {LIGO-P1700296, FERMILAB-PUB-17-472-A-AE},
  doi           = {10.1038/nature24471},
  journal       = {Nature},
  volume        = {551},
  number        = {7678},
  pages         = {85--88},
  year          = {2017}
}

@article{LIGOScientific:2018gmd,
  author        = {Fishbach, M. and others},
  collaboration = {LIGO Scientific, Virgo},
  title         = {{A Standard Siren Measurement of the Hubble Constant from GW170817 without the Electromagnetic Counterpart}},
  eprint        = {1807.05667},
  archiveprefix = {arXiv},
  primaryclass  = {astro-ph.CO},
  reportnumber  = {LIGO-P1800192},
  doi           = {10.3847/2041-8213/aaf96e},
  journal       = {Astrophys. J. Lett.},
  volume        = {871},
  number        = {1},
  pages         = {L13},
  year          = {2019}
}
@article{Gray:2019ksv,
  author        = {Gray, Rachel and others},
  title         = {{Cosmological inference using gravitational wave standard sirens: A mock data analysis}},
  eprint        = {1908.06050},
  archiveprefix = {arXiv},
  primaryclass  = {gr-qc},
  reportnumber  = {LIGO-P1900017},
  doi           = {10.1103/PhysRevD.101.122001},
  journal       = {Phys. Rev. D},
  volume        = {101},
  number        = {12},
  pages         = {122001},
  year          = {2020}
}

@article{DES:2019ccw,
  author        = {Soares-Santos, M. and others},
  collaboration = {DES, LIGO Scientific, Virgo},
  title         = {{First Measurement of the Hubble Constant from a Dark Standard Siren using the Dark Energy Survey Galaxies and the LIGO/Virgo Binary\textendash{}Black-hole Merger GW170814}},
  eprint        = {1901.01540},
  archiveprefix = {arXiv},
  primaryclass  = {astro-ph.CO},
  reportnumber  = {FERMILAB-PUB-18-629-AE},
  doi           = {10.3847/2041-8213/ab14f1},
  journal       = {Astrophys. J. Lett.},
  volume        = {876},
  number        = {1},
  pages         = {L7},
  year          = {2019}
}

@article{DES:2020nay,
  author        = {Palmese, A. and others},
  collaboration = {DES},
  title         = {{A statistical standard siren measurement of the Hubble constant from the LIGO/Virgo gravitational wave compact object merger GW190814 and Dark Energy Survey galaxies}},
  eprint        = {2006.14961},
  archiveprefix = {arXiv},
  primaryclass  = {astro-ph.CO},
  reportnumber  = {FERMILAB-PUB-20-216-AE, DES-2020-0548},
  doi           = {10.3847/2041-8213/abaeff},
  journal       = {Astrophys. J. Lett.},
  volume        = {900},
  number        = {2},
  pages         = {L33},
  year          = {2020}
}

@article{Chen:2017rfc,
  author        = {Chen, Hsin-Yu and Fishbach, Maya and Holz, Daniel E.},
  title         = {{A two per cent Hubble constant measurement from standard sirens within five years}},
  eprint        = {1712.06531},
  archiveprefix = {arXiv},
  primaryclass  = {astro-ph.CO},
  doi           = {10.1038/s41586-018-0606-0},
  journal       = {Nature},
  volume        = {562},
  number        = {7728},
  pages         = {545--547},
  year          = {2018}
}


@article{DelPozzo:2011vcw,
  author        = {Del Pozzo, Walter},
  title         = {{Inference of the cosmological parameters from gravitational waves: application to second generation interferometers}},
  eprint        = {1108.1317},
  archiveprefix = {arXiv},
  primaryclass  = {astro-ph.CO},
  doi           = {10.1103/PhysRevD.86.043011},
  journal       = {Phys. Rev. D},
  volume        = {86},
  pages         = {043011},
  year          = {2012}
}


@article{Gair:2022zsa,
  author        = {Gair, Jonathan R. and others},
  title         = {{The Hitchhiker\textquoteright{}s Guide to the Galaxy Catalog Approach for Dark Siren Gravitational-wave Cosmology}},
  eprint        = {2212.08694},
  archiveprefix = {arXiv},
  primaryclass  = {gr-qc},
  doi           = {10.3847/1538-3881/acca78},
  journal       = {Astron. J.},
  volume        = {166},
  number        = {1},
  pages         = {22},
  year          = {2023}
}

@article{Mandel:2018mve,
  author        = {Mandel, Ilya and Farr, Will M. and Gair, Jonathan R.},
  title         = {{Extracting distribution parameters from multiple uncertain observations with selection biases}},
  eprint        = {1809.02063},
  archiveprefix = {arXiv},
  primaryclass  = {physics.data-an},
  doi           = {10.1093/mnras/stz896},
  journal       = {Mon. Not. Roy. Astron. Soc.},
  volume        = {486},
  number        = {1},
  pages         = {1086--1093},
  year          = {2019}
}

@incollection{Vitale_2021,
  doi       = {10.1007/978-981-15-4702-7_45-1},
  url       = {https://doi.org/10.1007%2F978-981-15-4702-7_45-1},
  year      = 2021,
  publisher = {Springer Singapore},
  pages     = {1--60},
  author    = {Salvatore Vitale and Davide Gerosa and Will M. Farr and Stephen R. Taylor},
  title     = {Inferring the Properties of a Population of Compact Binaries in Presence of Selection Effects},
  booktitle = {Handbook of Gravitational Wave Astronomy}
}




%%%%%%%%%%%%%%%%%%%%%%%%%%%%%%%%%%%%%%%%%%%%%%%%%%
